<record><leader>00000cas a22000007a 4500</leader><controlfield tag="001">15227062</controlfield><controlfield tag="008">870223d18881893inuwr ne      0    0eng d</controlfield><datafield ind1=" " ind2=" " tag="010"><subfield code="a">sn 87055157 </subfield></datafield><datafield ind1=" " ind2=" " tag="040"><subfield code="a">NPI</subfield><subfield code="b">eng</subfield><subfield code="c">NPI</subfield><subfield code="d">OCLCQ</subfield></datafield><datafield ind1=" " ind2=" " tag="042"><subfield code="a">msc</subfield></datafield><datafield ind1="0" ind2=" " tag="130"><subfield code="a">Rosedale bee (Rosedale, Ind.)</subfield></datafield><datafield ind1="1" ind2="4" tag="245"><subfield code="a">The Rosedale bee.</subfield></datafield><datafield ind1=" " ind2=" " tag="260"><subfield code="a">Rosedale, Parke Co., Ind. :</subfield><subfield code="b">Jos. B. Orr,</subfield><subfield code="c">-1893.</subfield></datafield><datafield ind1=" " ind2=" " tag="310"><subfield code="a">Weekly</subfield></datafield><datafield ind1="1" ind2=" " tag="362"><subfield code="a">Began in 1888.</subfield></datafield><datafield ind1="0" ind2=" " tag="362"><subfield code="a">-v. 6, no. 18 (Aug. 5, 1893).</subfield></datafield><datafield ind1=" " ind2=" " tag="588"><subfield code="a">Description based on: Vol. 3, no. 37 (Dec. 20, 1890).</subfield></datafield><datafield ind1=" " ind2=" " tag="752"><subfield code="a">United States</subfield><subfield code="b">Indiana</subfield><subfield code="c">Parke</subfield><subfield code="d">Rosedale.</subfield></datafield><datafield ind1="0" ind2="0" tag="785"><subfield code="t">Rosedale herald</subfield><subfield code="w">(DLC)sn 87055158</subfield></datafield></record>